2104 2999
104 55 148 141 m

108 216 208 270 obnoxia
217 204 362 277 minimeque
368 201 442 274 perse
453 204 586 265 necessaria,
601 205 852 274 'quibueaeteniitatem
863 214 924 274 initii
936 219 974 263 ex}

108 276 367 350 pertemtribuerenihil
380 275 441 325 aliud
456 273 519 334 esset,
541 276 582 324 nifi
597 276 682 340 fingere
694 273 895 341 superstitiosorum
908 298 975 330 more
1022 321 1027 324 .

109 350 222 413 mysteria,
237 350 291 394 haec
301 350 374 411 igitur>
379 343 431 392 talia
441 342 484 393 effe
494 356 516 392 et
525 348 617 409 cogitari
626 341 974 412 nan-possuntfinealiqua,un.

109 417 137 466 de
147 412 249 481 profec‘ia
256 413 298 476 fint
309 427 331 461 et
340 410 464 479 pendeant,
486 424 573 459 aeterna
586 424 607 459 et
620 429 661 476 per
670 408 692 459 se
703 409 818 461 necessaria
828 410 930 479 adeoque
941 418 975 473 >ab

107 485 153 534 illis
166 482 231 548 plane
241 478 325 529 diuersa
336 481 423 537 natura,
438 498 489 528 cum
499 478 534 528 uel
545 478 591 527 stne
600 475 662 544 causa
673 481 733 537 orta,
749 479 785 529 vel
795 481 822 528 ab
833 484 897 529 omni
906 494 975 531 aeter·

108 555 174 601 nitate
185 550 228 597 alia
240 568 266 597 ex
275 548 400 605 aliis'orra,
418 550 467 596 hoe
478 547 522 607 esl,
543 550 619 607 amaia
635 562 658 595 et
671 546 757 613 fingula
773 545 886 597 effedla-et
900 562 975 598 tamen
1000 560 1003 565 '

109 618 263 668 constituentia
277 615 358 664 seriem
372 619 436 664 initio
452 629 563 663 carentem
577 613 668 663 absurde
683 614 812 666 dicerentur.
860 616 897 665 ΕΠ
909 620 976 683 igitur

110 691 184 754 prima
195 683 304 751 quaedam
314 698 390 732 natura
403 696 424 730 et
433 682 524 730 illorum
535 687 713 746 contingentium
727 684 830 734 omnium
842 680 913 741 causa,
929 682 976 751 ipsa

113 771 163 802 non
173 757 317 816 contingens,
333 769 381 798 uon
391 749 514 806 mutabilia,
527 745 566 795 ¹sed
574 755 663 796 'aeterna
673 762 702 796 et
712 750 835 800 neccssaria.
848 805 850 809 ,
861 776 864 782 =
875 754 910 801 Ea¹
922 755 976 800 uero

113 821 132 870 fi
144 819 179 868 vel
190 824 231 867 vita
240 831 304 884 atque
312 816 458 881 intelligentia
467 814 592 881 agendique
607 827 630 863 et
641 815 753 863 efficiendi
768 820 862 882 cogitata
875 816 978 867 facultate

115 902 209 943 careret,
223 885 259 934 vel
268 903 317 933 eam
326 880 591 950 haberetimperseclam,
612 900 660 931 non
676 881 727 931 esset
739 880 785 949 ipsa
800 887 978 937 immutabiliaet

116 951 244 1015 necettfaria,
261 970 303 1001 nec
311 952 397 1001 efficere
407 949 523 1017 potuisset,
539 964 561 999 vt
570 953 624 999 haec
634 963 667 999 tot
682 964 702 998 et
713 964 769 999 tanta
781 953 909 1012 existerent,
926 965 978 1003 cum

116 1018 271 1087 imperfetlam
280 1021 431 1085 limitibusque
442 1015 627 1084 circumscriptam
636 1022 694 1077 uim,
710 1019 869 1086 qualiscunque
876 1027 900 1068 'et
911 1030 979 1087 quan}v

117 1102 227 1153 tacunque
233 1088 275 1152 illa
283 1087 322 1145 slt‘,
335 1084 505 1153 variasquidem
515 1091 647 1134 mutationes
662 1090 689 1133 iis
701 1088 784 1145 rebus,
796 1106 852 1154 quae
865 1085 928 1148 sunt,
945 1091 979 1135 in·

116 1155 197 1204 ducere
208 1153 270 1220 posse
279 1153 409 1210 certum-fit,
426 1152 482 1201 illud
490 1153 666 1206 autem'efficere
675 1152 752 1218 posse,
767 1168 790 1201 vt
804 1158 895 1220 repente
906 1174 933 1210 ex
945 1159 978 1202 ni·

116 1222 166 1273 hilo
177 1222 281 1280 existant,
297 1239 353 1288 quae
364 1217 546 1288 nusquamsurrt,
561 1219 608 1267 stne
618 1217 770 1286 superstitione
783 1219 825 1269 dici
833 1223 979 1289 'cogitarique

119 1308 168 1341 non
178 1288 250 1355 possit.
282 1292 391 1355 Sequitur,
407 1301 430 1336 vt
438 1301 510 1336 catum
518 1289 643 1343 habeamus,
660 1286 702 1335 etse
711 1288 809 1355 aliquem
817 1289 895 1338 mundi
906 1293 980 1339 auclo-

119 1374 169 1407 rem
180 1360 293 1407 uiuentem
303 1349 348 1404 stne
361 1358 425 1404 initio
436 1368 458 1402 et
466 1355 525 1411 fine,
543 1351 789 1420 summaintelligentia
798 1362 938 1424 omninoque
948 1375 980 1415 ea,

121 1442 178 1491 quae
185 1425 283 1472 'omnem
292 1421 391 1471 excludat
406 1427 565 1477 mutationem,
579 1426 631 1469 hoc.
642 1422 683 1490 esl,
706 1420 802 1478 absoluta
811 1437 881 1491 atque
893 1425 981 1473 infinita

119 1489 259 1558 perfectione
268 1489 404 1556 praeditum,
419 1507 486 1555 quem
497 1492 573 1536 Deum
580 1500 691 1537 vocamus.
725 1494 764 1537 An·
774 1493 828 1539 haec
843 1505 980 1557 argumenta·

121 1563 154 1607 tio
165 1556 244 1606 eadem
254 1559 283 1606 est
293 1576 344 1604 cum
351 1557 473 1605 Cattesrana
482 1555 532 1603 illa?
551 1559 656 1605 Minime.
687 1560 745 1606 Nam
755 1558 793 1606 isla
802 1558 893 1626 quidem
903 1559 981 1607 definit

109 1630 147 1675 -in
155 1628 249 1673 notione
260 1628 303 1672 Dei
314 1638 418 1690 tanquam
430 1621 516 1672 summe
529 1638 550 1669 et
558 1621 656 1671 absolute
667 1621 772 1688 perfecti,
789 1644 885 1692 eumque
901 1642 922 1675 et
933 1620 981 1693 qfii.

122 1692 177 1741 dem
187 1690 253 1740 talem
265 1689 307 1739 else
320 1689 446 1748 concludit,
463 1708 514 1739 cum
524 1689 562 1737 illa
570 1689 637 1738 altera
647 1708 674 1738 eo
684 1688 745 1755 ipso,
762 1690 849 1758 dequo
862 1698 988 1760 quaeritur,

122 1757 226 1826 tanquam
243 1763 353 1825 principio
368 1760 484 1816 abutatur,
510 1762 618 1805 mentiens
633 1755 772 1806 subtilitatem
788 1758 982 1809 demonstrationis

122 1831 301 1882 mathematicae,
315 1826 402 1890 qualem
412 1824 433 1871 se
443 1824 484 1884 illa¹
492 1826 565 1871 nostra
573 1823 695 1873 modestior
704 1844 753 1874 non
762 1829 837 1885 iactat,
853 1825 910 1876 sac‘la
920 1833 982 1895 quip-

124 1912 154 1961 pe
167 1886 194 1940 ad
209 1910 261 1940 eum
272 1892 380 1949 modum,
406 1908 451 1957 quo
462 1895 485 1937 in
495 1890 590 1956 physicis
601 1895 676 1949 exiis,
693 1891 896 1957 quaeda‘tasuntet
905 1901 981 1961 cogni-

124 1975 144 2010 ta
153 1979 194 2027 per
209 1961 382 2026 experientiam,
402 1955 473 2006 caulas
489 1975 564 2005 rerum
578 1956 733 2024 cognoscimus
749 1959 879 2017 disiunctiue
891 1957 980 2015 'ratioci-

123 2027 200 2079 nando
212 2042 234 2075 et
243 2032 266 2074 in
276 2026 383 2075 auxilium
394 2023 495 2075 vocando
505 2029 613 2073 axiomata
621 2024 710 2074 causalia
725 2027 794 2077 aliaue
806 2034 914 2096 principia
929 2049 981 2078 vera

124 2109 146 2146 et
154 2108 218 2144 certa.
253 2097 309 2142 Sane
317 2093 334 2141 fi
343 2107 366 2142 tu
372 2110 449 2156 puram
466 2092 547 2152 (latinis
558 2093 643 2141 auribus
652 2092 781 2158 inauditam)
797 2102 898 2146 rationein
908 2101 981 2159 iacias,
998 2143 1000 2147 ,

122 2163 200 2213 fieius
214 2166 277 2209 vuius
286 2178 341 2226 ope,
358 2164 444 2217 Deum,
462 2162 564 2206 omnium
580 2177 654 2208 rerum
667 2165 778 2211 auc‘lorem
793 2162 980 2230 sapientiffimum,

124 2248 173 2280 non
183 2227 254 2278 modo
264 2231 356 2293 cogitari
366 2227 440 2293 posse,
456 2224 494 2273 sed
505 2224 597 2283 ess'e,'ita
607 2231 637 2275 vis
648 2227 805 2288 demonstrari,
814 2245 836 2280 vt
844 2231 908 2288 nihil,
919 2234 981 2299 quod

124 2294 199 2346 datum
210 2296 236 2344 srt
252 2310 273 2361 et
285 2300 400 2361 cognitum
411 2313 452 2365 per
468 2297 638 2359 experientiam,
648 2328 650 2330 -
659 2293 798 2345 fundamenti
806 2301 981 2364 ,loco-ponatur,

122 2363 218 2414 fatentur
225 2361 249 2411 id
259 2362 315 2410 effici
325 2381 373 2411 non
381 2361 455 2429 posse,
472 2359 509 2408 sed
527 2379 569 2408 nec
582 2360 677 2411 debuisse
690 2364 808 2430 postulari,
829 2366 918 2434 quando
935 2386 980 2415 cera

124 2444 173 2481 tunt
185 2433 215 2479 est
226 2444 247 2478 et
256 2431 282 2478 ab
291 2429 414 2478 acutissimis
423 2430 511 2495 logicae
522 2431 576 2477 artic
590 2432 696 2496 magistris
712 2430 795 2481 dudum
808 2434 949 2501 praeceptum
959 2448 981 2484 et

123 2498 308 2557 demonstratum,
325 2501 349 2544 in
359 2502 423 2545 omni
432 2500 614 2555 ratiocinatione,
627 2517 686 2564 qua,
697 2499 779 2565 aliquid
790 2501 833 2551 etse
845 2501 882 2551 uel
896 2499 985 2567 aliquid*

122 2585 164 2635 per
174 2562 259 2616 causam
269 2566 365 2633 aliquam
374 2563 478 2636 effectum
495 2562 549 2624 etse,
570 2565 657 2616 ostendi
671 2565 747 2629 debet,
773 2566 913 2621 fundamenti
926 2569 979 2618 loco

897 2634 981 2705 aliquid
1012 2673 1013 2676 =
