2104 2999
100 71 311 141 rm*

144 198 195 263 imit
203 214 294 262 Kantiur
304 213 337 275 *)‚
353 209 400 260 soia
410 210 599 278 contemplatione
612 210 706 279 operum
715 217 804 260 naturae
817 220 865 266 'non
877 205 1015 274 liocsefficig

145 294 168 330 vt
182 294 275 338 certum,
294 279 377 328 nedum
390 278 559 343 μαθηματικως
573 277 747 341 demonstratum
761 277 802 336 fit,
822 276 866 325 effe
880 277 952 343 rvnur'n
964 275 1015 326 ali-'3

145 365 220 414 quem,
229 351 252 392 iu
263 365 307 412 quo
318 362 383 407 tanta,
401 363 480 414 quanta
490 352 562 397 maior
572 347 614 397 eise
623 366 671 396 non
680 345 751 413 possit,
764 342 866 411 sapientia
876 359 897 393 et
906 343 1004 410 potentia

75 422 77 424 ’
113 428 117 430 ’
144 428 167 463 et
174 415 216 461 alia
224 418 301 462 omnia
310 415 388 473 infint,
399 433 455 481 quae
464 417 561 464 infinitae
571 413 713 481 perfeetionis
723 413 772 461 idea
780 418 932 470 continentur,
943 432 1003 463 eum·

143 500 187 548 que
200 479 242 528 esse
253 500 301 529 non
311 482 383 532 modo
393 487 538 544 architeeiurn
548 482 626 532 muudi
637 480 674 529 sed
689 495 810 529 creatorem
823 485 913 546 proprie
928 478 1008 527 dicen-2

142 550 209 606 dum,
226 551 271 597 hoc
281 551 324 608 est,
341 553 455 599 arciorem
466 570 514 599 non
522 549 594 599 modo
607 546 694 608 formae
708 548 753 597 fiue
767 547 851 596 ordinis
861 542 946 605 rerum',
957 544 1003 594 ‘sed

141 617 218 665 rerum
229 622 295 665 etiam
304 615 412 683 ipsarum,
429 624 543 676 materiae,
561 623 666 683 inquam,
682 635 709 665 ex
719 635 761 682 qua
775 634 868 681 corpora
883 614 1022 663 inanimata·

141 684 255 743 constant,
272 699 294 733 et
302 686 388 735 asterius
397 691 484 751 generis
494 704 580 742 rerum,
596 684 657 749 quod
666 683 703 732 vei
711 689 834 732 animarum
844 684 879 732 vei
888 681 1005 749 spirituum

142 757 238 801 nomine
248 754 375 817 appesiatur.
410 752 453 799 Sed
464 771 546 816 nempe
557 751 585 798 de
597 755 648 799 Deo'
658 755 710 798 curii
722 756 844 815 quaeritur,
866 755 919 799 haec
929 755 999 817 prima

143 820 242 887 quaestio
254 820 284 865 esi
294 818 365 866 cresse
375 817 453 877 deber,
475 838 504 866 an
516 819 540 866 sit
553 822 621 867 Mena
638 819 710 883 aliqua
720 815 804 864 excelsa
817 832 839 865 et
851 817 1001 882 praestantissia

143 904 192 943 ana,
207 890 266 933 cuius
276 890 297 933 ui
309 900 329 932 et
339 884 441 951 sapientia
451 890 571 935 humanam
585 885 712 949 longissime
726 882 839 948 superante
855 886 959 948 exstructa
974 885 1000 933 fit

143 955 198 1003 haec
208 953 408 1011 mundimaehina,
430 969 451 1001 et
465 958 509 1002 hoc
522 972 591 1002 omne
599 956 743 1000 animantium
758 965 778 999 et
792 949 864 1016 ipsum
878 955 999 1001 hominum

143 1037 214 1085 genus
228 1018 356 1068 conditum?
390 1020 452 1068 Aliae
463 1021 598 1086 quaestiones
612 1018 673 1078 sunt,
691 1020 760 1086 quasis
777 1019 816 1067 illa
830 1024 898 1068 Mens
912 1021 952 1078 fit,
969 1039 999 1069 arr

139 1105 196 1144 una,
213 1106 241 1134 au
252 1092 281 1133 ita
289 1085 399 1152 perfeeto„
416 1103 438 1136 vt
448 1089 505 1135 nihii
518 1093 537 1135 ei
547 1107 586 1152 par
598 1087 635 1144 fit,
652 1088 709 1134 nihii
724 1105 748 1134 ea
761 1091 831 1136 maius
843 1103 864 1136 et
879 1086 997 1153 persec'iius

141 1152 185 1202 esse
195 1167 216 1202 et
224 1158 315 1218 cogitari
324 1154 400 1219 possit,
424 1172 509 1202 annon
519 1152 702 1202 modofabricara
716 1154 900 1205 iitiranemundi
915 1161 998 1207 machi·
1024 1188 1028 1190 ·

139 1239 205 1286 nam,
219 1218 258 1268 sed
267 1219 336 1285 ipsam
351 1218 540 1269 etiam'materiar'n
550 1225 698 1288 humanasque
708 1236 793 1270 mentes
812 1238 833 1272 et
850 1225 955 1292 quicquid
966 1226 998 1274 eii

118 1341 120 1343 ,
137 1288 176 1336 v'ei
185 1291 308 1335 animarum
322 1289 359 1336 vei
368 1287 482 1353 spirituum
500 1307 527 1335 ex
541 1289 613 1336 nihilo
629 1287 738 1336 effecerit?
761 1293 815 1338 Non
823 1292 875 1340 iicet
884 1297 997 1343 Atheisrni

138 1354 266 1414 infinruiare
276 1373 340 1412 eum,
358 1360 395 1420 qui
406 1354 432 1402 ad
442 1360 537 1420 primam
547 1356 609 1404 iiiam
626 1356 778 1422 quaestionem
792 1361 851 1406 reete
865 1374 889 1408 et
899 1373 949 1409 non
957 1360 996 1408 dra·

138 1423 233 1472 bitanter
241 1420 371 1469 affirmando
380 1420 506 1487 respondet,
515 1422 597 1481 etiamsi
606 1423 633 1469 ad
644 1437 724 1470 ceteras
734 1418 870 1489 quaestiones
882 1447 922 1492 per
931 1433 996 1492 iguo·

139 1493 234 1554 rantiam
245 1501 281 1536 aut
292 1507 390 1536 errorem
400 1508 449 1536 non
458 1493 553 1536 omnino
564 1492 624 1538 reste
633 1487 770 1554 respondeat.
803 1492 847 1540 Sed
857 1494 890 1550 iad
899 1499 1005 1560 primam⁴

137 1556 293 1621 quaestionem
304 1554 362 1602 haud
373 1555 498 1613 ,dubitanter
510 1555 641 1604 affirmando
655 1554 834 1621 respondendum
848 1560 890 1609 eise
899 1563 994 1619 ,nullo

137 1622 185 1671 alio
198 1635 328 1686 argumento
337 1626 408 1686 magis
422 1627 543 1688 certiusque
555 1620 720 1688 persuademur,
738 1644 804 1690 quam
818 1646 857 1685 eo,
880 1634 940 1677 cuius
949 1649 999 1678 mac

137 1693 216 1738 teriam
227 1693 306 1736 variam
317 1692 407 1738 nattam
417 1690 467 1736 iibri
482 1690 727 1756 phyfieo-theoiogici,
748 1692 841 1741 eandem
858 1709 929 1742 autem
945 1698 995 1744 infi-

138 1761 208 1805 nitam
224 1753 356 1819 natura‘ipsa
373 1757 462 1804 eoelum
476 1771 599 1822 terramque
614 1760 812 1824 contemplantibus
828 1766 856 1809 ita
873 1760 949 1821 offert,
972 1777 994 1811 vt

138 1826 186 1869 eius
197 1821 323 1884 argumenti
331 1826 377 1869 vim
390 1820 456 1869 etiam
470 1823 628 1872 indoeiiiiimus
643 1830 735 1891 quisque
747 1824 811 1874 facile
825 1826 906 1878 sentiat.
958 1829 993 1880 Ad

138 1901 220 1935 ceteras
230 1900 303 1935 autem
315 1885 343 1935 de
354 1891 404 1936 Deo
414 1889 550 1954 quaestiones
560 1903 582 1937 vt
591 1894 649 1938 secie
660 1890 829 1957 respondeatur,
843 1897 884 1944 alia
896 1897 946 1947 sane
956 1919 995 1949 co·

137 1954 227 2020 gitanda
236 1968 257 2001 et
266 1953 424 2020 perpendenda
434 1954 494 2012 sunt,
511 1960 535 2002 in
544 1960 578 2004 his
588 1975 624 2015 ea,
642 1977 697 2024 quae
707 1968 830 2026 argumenti
844 1967 993 2033 cosmoiogiei

136 2026 232 2071 nomine
244 2018 307 2085 supra
318 2020 367 2070 suut
377 2041 388 2069 a
398 2025 463 2070 nobis
473 2024 589 2088 propofita.
624 2030 651 2084 In
664 2030 723 2074 hunc
736 2033 803 2093 igitur
811 2031 917 2091 modum,
932 2036 992 2083 fise·⁴

136 2089 211 2154 siqua,
225 2105 280 2152 quae
292 2087 407 2137 necessaria
415 2087 477 2147 sunt,
493 2091 609 2148 addantur,
627 2094 775 2159 paraiogismo
791 2100 915 2148 Cartefiano
929 2106 992 2165 peni·

136 2168 171 2204 tus
187 2151 289 2212 excluso,
309 2155 394 2202 eonsiat
406 2171 536 2221 argumento
553 2159 790 2228 phyfico-theoiogico
808 2164 871 2214 suum
887 2173 992 2233 pretium,

136 2220 174 2272 sua
188 2226 238 2280 vis,
254 2226 353 2287 primum
367 2227 391 2269 iu
405 2223 529 2271 inchoanda
542 2231 671 2290 cognitione
684 2232 726 2277 Dei
736 2262 748 2288 ,-
772 2232 852 2281 deinde
867 2240 991 2297 inanimo,

136 2292 212 2338 Deum
223 2286 272 2346 effe,
282 2293 326 2336 iam
336 2289 384 2336 aliis
395 2295 460 2338 eriam
468 2298 602 2356 ‘argumentis
612 2293 711 2358 persuaso
719 2316 743 2344 aa
751 2300 837 2364 pienius
847 2302 935 2362 odorio,
946 2324 991 2353 ma-

135 2360 170 2419 gis
182 2359 298 2420 magisque
313 2357 484 2416 confirmando,
505 2359 602 2426 denique
616 2365 639 2408 in
654 2361 798 2414 admiratione
816 2381 837 2416 et
849 2376 991 2420 veneratione
1016 2399 1018 2401 ·

135 2425 181 2470 Dei
191 2420 267 2468 alenda
276 2421 405 2486 quotidiano
416 2437 449 2473 tot
459 2440 479 2474 et
488 2438 599 2480 tantorum
608 2435 694 2480 naturae
704 2445 726 2481 et
735 2435 888 2501 prouidentiae
897 2443 990 2490 miracu·

132 2485 348 2559 iorumspeeiacuiu.

924 2554 992 2623 Plura·
1004 2548 1005 2554 i

184 2634 210 2693 t)
223 2632 285 2678 Crini:
294 2635 312 2679 d.
322 2636 376 2696 ry.
384 2642 455 2695 p·‚0'²7·
468 2642 509 2698 iffi
1011 2654 1013 2657 Ι
